
@article{andrychowicz2016learning,
  title = {Learning efficient algorithms with hierarchical attentive memory},
  author = {Andrychowicz, Marcin and Kurach, Karol},
  journal = {arXiv preprint arXiv:1602.03218},
  year = {2016}
}

@article{pong2018temporal,
  title = {Temporal difference models: Model-free deep rl for model-based control},
  author = {Pong, Vitchyr and Gu, Shixiang and Dalal, Murtaza and Levine, Sergey},
  journal = {arXiv preprint arXiv:1802.09081},
  year = {2018}
}

@inproceedings{schaul2015universal,
  title = {Universal value function approximators},
  author = {Schaul, Tom and Horgan, Daniel and Gregor, Karol and Silver, David},
  booktitle = {International Conference on Machine Learning},
  pages = {1312--1320},
  year = {2015}
}

@article{MiPaViICLR2017,
  author = {Piotr Mirowski and
               Razvan Pascanu and
               Fabio Viola and
               Hubert Soyer and
               Andrew J. Ballard and
               Andrea Banino and
               Misha Denil and
               Ross Goroshin and
               Laurent Sifre and
               Koray Kavukcuoglu and
               Dharshan Kumaran and
               Raia Hadsell},
  title = {Learning to Navigate in Complex Environments},
  booktitle = {Proceedings of the International Conference on Learning Representations (ICLR)},
  year = {2017},
  url = {http://arxiv.org/abs/1611.03673},
  timestamp = {Thu, 01 Dec 2016 19:32:08 +0100},
  biburl = {http://dblp.uni-trier.de/rec/bib/journals/corr/MirowskiPVSBBDG16},
  bibsource = {dblp computer science bibliography, http://dblp.org},
  local-url = {./pdf/MiPaViICLR2017-Mirowski+Pascanu+Viola+Soyer+Ballard+Banino+Denil+Goroshin+Sifre+Kavukcuoglu+Kumaran+Hadsell-Learning_to_Navigate_in_Complex_Environments-0.pdf}
}

