@article{mirowski2016learning,
  title={Learning to navigate in complex environments},
  author={Mirowski, Piotr and Pascanu, Razvan and Viola, Fabio and Soyer, Hubert and Ballard, Andrew J and Banino, Andrea and Denil, Misha and Goroshin, Ross and Sifre, Laurent and Kavukcuoglu, Koray and others},
  journal={arXiv preprint arXiv:1611.03673},
  year={2016}
}

@article{dhiman2018critical,
  title={A Critical Investigation of Deep Reinforcement Learning for Navigation},
  author={Dhiman, Vikas and Banerjee, Shurjo and Griffin, Brent and Siskind, Jeffrey M and Corso, Jason J},
  journal={arXiv preprint arXiv:1802.02274},
  year={2018}
}

@article{andrychowicz2016learning,
    title={Learning efficient algorithms with hierarchical attentive memory},
    author={Andrychowicz, Marcin and Kurach, Karol},
    journal={arXiv preprint arXiv:1602.03218},
    year={2016}
}

@article{xu2018algorithmic,
    title={Algorithmic Framework for Model-based Reinforcement Learning with Theoretical Guarantees},
    author={Xu, Huazhe and Li, Yuanzhi and Tian, Yuandong and Darrell, Trevor and Ma, Tengyu},
    journal={arXiv preprint arXiv:1807.03858},
    year={2018}
}

@article{pong2018temporal,
    title={Temporal difference models: Model-free deep rl for model-based control},
    author={Pong, Vitchyr and Gu, Shixiang and Dalal, Murtaza and Levine, Sergey},
    journal={arXiv preprint arXiv:1802.09081},
    year={2018}
}

@inproceedings{schaul2015universal,
    title={Universal value function approximators},
    author={Schaul, Tom and Horgan, Daniel and Gregor, Karol and Silver, David},
    booktitle={International Conference on Machine Learning},
    pages={1312--1320},
    year={2015}
}
